# Concrete mathematics

@book{graham1994concrete,
    title = {{Concrete mathematics: A foundation for computer science (second edition)}},
    author = {{Graham, Ronald L. and Knuth, Donald E. and Patashnik, Oren}},
    year = {1994},
    note = {\url {https://archive.org/details/concrete-mathematics}},
    publisher = {{Addison-Wesley Publishing Company, Inc.}}
}

@article{knuth1993johann,
    title = {{Johann Faulhaber and sums of powers}},
    author = {{Knuth, Donald E.}},
    journal = {{Mathematics of Computation}},
    volume = {61},
    number = {203},
    pages = {277--294},
    note = {\url{https://arxiv.org/abs/math/9207222}},
    year = {1993}
}

@misc{oeis_numerators_of_the_coefficient_a_m_r,
    title = {{Entry A302971 in The On-Line Encyclopedia of Integer Sequences}},
    author = {Kolosov, Petro},
    journal = {{The On-Line Encyclopedia of Integer Sequences}},
    number = {A302971},
    note = {\url{https://oeis.org/A302971}},
    year = {2018}
}

@misc{oeis_denominators_of_the_coefficient_a_m_r,
    title = {{Entry A304042 in The On-Line Encyclopedia of Integer Sequences}},
    author = {Kolosov, Petro},
    journal = {{The On-Line Encyclopedia of Integer Sequences}},
    number = {A304042},
    note = {\url{https://oeis.org/A304042}},
    year = {2018}
}

@misc{alekseyev2018mathoverflow,
    title = {{MathOverflow answer 297916/113033}},
    author = {{Alekseyev, Max}},
    journal = {{MathOverflow https://mathoverflow.net/a/297916/113033}},
    number = {297916/113033},
    note = {\url{https://mathoverflow.net/a/297916/113033}},
    year = {2018}
}
